%codebook
@article{CodebookGuide,
  title={Developing and using a codebook for the analysis of interview data: An example from a professional development research project},
  author={DeCuir-Gunby, Jessica T and Marshall, Patricia L and McCulloch, Allison W},
  journal={Field Methods},
  volume={23},
  number={2},
  pages={136--155},
  year={2011},
  publisher={SAGE Publications}
}

@article{CodebookGuide2,
  title={Codebook development for team-based qualitative analysis},
  author={MacQueen, Kathleen M and McLellan, Eleanor and Kay, Kelly and Milstein, Bobby},
  journal={Cultural Anthropology Methods},
  volume={10},
  number={2},
  pages={31--36},
  year={1998}
}